[gd_scene load_steps=11 format=2]

[ext_resource path="res://sprites/ball.png" type="Texture" id=1]
[ext_resource path="res://sprites/right_paddle.png" type="Texture" id=2]
[ext_resource path="res://sprites/left_paddle.png" type="Texture" id=3]
[ext_resource path="res://scripts/Paddle.gd" type="Script" id=4]
[ext_resource path="res://scripts/Ball.gd" type="Script" id=6]
[ext_resource path="res://scripts/Game.gd" type="Script" id=7]

[sub_resource type="CircleShape2D" id=1]
radius = 4.67917

[sub_resource type="RectangleShape2D" id=2]
extents = Vector2( 4.28368, 16.1066 )

[sub_resource type="RectangleShape2D" id=3]
extents = Vector2( 319.966, 10 )

[sub_resource type="RectangleShape2D" id=4]
extents = Vector2( 10, 240.119 )

[node name="Game" type="Node2D"]
script = ExtResource( 7 )
MAX_SCORE = 5
NODE_PATH_BALL = NodePath("World/Ball")
NODE_PATH_PADDLE_LEFT = NodePath("World/PaddleLeft")
NODE_PATH_PADDLE_RIGHT = NodePath("World/PaddleRight")
NODE_PATH_GOAL_LEFT = NodePath("World/GoalLeft")
NODE_PATH_GOAL_RIGHT = NodePath("World/GoalRight")
NODE_PATH_LABEL_SCORE_LEFT = NodePath("UI/Running/ScoreLeft")
NODE_PATH_LABEL_SCORE_RIGHT = NodePath("UI/Running/ScoreRight")
NODE_PATH_RUNNING_CONTROL = NodePath("UI/Running")
NODE_PATH_PAUSED_CONTROL = NodePath("UI/Paused")

[node name="UI" type="Node" parent="."]

[node name="Running" type="Control" parent="UI"]
margin_right = 40.0
margin_bottom = 40.0
__meta__ = {
"_edit_use_anchors_": false
}

[node name="Background" type="ColorRect" parent="UI/Running"]
margin_right = 640.0
margin_bottom = 480.0
color = Color( 0.164706, 0.164706, 0.164706, 1 )
__meta__ = {
"_edit_use_anchors_": false
}

[node name="ScoreRight" type="Label" parent="UI/Running"]
margin_left = 540.755
margin_top = 25.0
margin_right = 565.0
margin_bottom = 40.0
custom_colors/font_color = Color( 0.172549, 0.486275, 0.909804, 1 )
text = "0"
align = 1
valign = 1
uppercase = true
__meta__ = {
"_edit_use_anchors_": false
}

[node name="ScoreLeft" type="Label" parent="UI/Running"]
margin_left = 75.0
margin_top = 25.0
margin_right = 100.0
margin_bottom = 40.0
custom_colors/font_color = Color( 0.909804, 0.172549, 0.172549, 1 )
text = "0"
align = 1
valign = 1
uppercase = true
__meta__ = {
"_edit_use_anchors_": false
}

[node name="Paused" type="Control" parent="UI"]
visible = false
margin_right = 40.0
margin_bottom = 40.0
__meta__ = {
"_edit_use_anchors_": false
}

[node name="Background" type="ColorRect" parent="UI/Paused"]
margin_right = 640.0
margin_bottom = 480.0
color = Color( 0.164706, 0.164706, 0.164706, 0.792157 )
__meta__ = {
"_edit_use_anchors_": false
}

[node name="Label" type="Label" parent="UI/Paused"]
margin_top = 100.0
margin_right = 640.0
margin_bottom = 150.0
text = "paused"
align = 1
valign = 1
uppercase = true
__meta__ = {
"_edit_use_anchors_": false
}

[node name="World" type="Node" parent="."]

[node name="Ball" type="Area2D" parent="World"]
position = Vector2( 320, 240 )
script = ExtResource( 6 )
NODE_PATH_PADDLE_LEFT = NodePath("../PaddleLeft")
NODE_PATH_PADDLE_RIGHT = NodePath("../PaddleRight")
NODE_PATH_WALL_TOP = NodePath("../WallTop")
NODE_PATH_WALL_BOTTOM = NodePath("../WallBottom")

[node name="Sprite" type="Sprite" parent="World/Ball"]
texture = ExtResource( 1 )

[node name="CollisionShape2D" type="CollisionShape2D" parent="World/Ball"]
shape = SubResource( 1 )

[node name="PaddleRight" type="Area2D" parent="World"]
position = Vector2( 590, 240 )
script = ExtResource( 4 )
INPUT_ACTION_UP = "paddle_right_up"
INPUT_ACTION_DOWN = "paddle_right_down"

[node name="Sprite" type="Sprite" parent="World/PaddleRight"]
texture = ExtResource( 2 )

[node name="CollisionShape2D" type="CollisionShape2D" parent="World/PaddleRight"]
shape = SubResource( 2 )

[node name="PaddleLeft" type="Area2D" parent="World"]
position = Vector2( 50, 240 )
script = ExtResource( 4 )
INPUT_ACTION_UP = "paddle_left_up"
INPUT_ACTION_DOWN = "paddle_left_down"

[node name="Sprite" type="Sprite" parent="World/PaddleLeft"]
texture = ExtResource( 3 )

[node name="CollisionShape2D" type="CollisionShape2D" parent="World/PaddleLeft"]
shape = SubResource( 2 )

[node name="WallTop" type="Area2D" parent="World"]
position = Vector2( 320, -5 )

[node name="CollisionShape2D" type="CollisionShape2D" parent="World/WallTop"]
shape = SubResource( 3 )

[node name="WallBottom" type="Area2D" parent="World"]
position = Vector2( 320, 485 )

[node name="CollisionShape2D" type="CollisionShape2D" parent="World/WallBottom"]
shape = SubResource( 3 )

[node name="GoalLeft" type="Area2D" parent="World"]
position = Vector2( -5, 240 )

[node name="CollisionShape2D" type="CollisionShape2D" parent="World/GoalLeft"]
shape = SubResource( 4 )

[node name="GoalRight" type="Area2D" parent="World"]
position = Vector2( 645, 240 )

[node name="CollisionShape2D" type="CollisionShape2D" parent="World/GoalRight"]
shape = SubResource( 4 )
[connection signal="paused" from="." to="World/Ball" method="_on_Game_paused"]
[connection signal="paused" from="." to="World/PaddleLeft" method="_on_Game_paused" binds= [ true ]]
[connection signal="reset" from="." to="World/Ball" method="_on_Game_reset"]
[connection signal="reset" from="." to="World/PaddleRight" method="_on_Game_reset"]
